@online{MyBooks,
	author = {Sylvain Hébuterne},
	title = {My books},
	date = {02.12.15},
	howpublished = {https://play.google.com/store/apps/details?id=com.shebuterne.maBibliotheque},
}

@misc{MBP,
	author = {Metosphere},
	title = {Meine Bücher Pro},
	date = {02.12.15},
	howpublished = {https://play.google.com/store/apps/details?id=com.metosphere.book},
}

@misc{Codex,
	author = {Emílio Simoes},
	title = {Codex},
	date = {02.12.15},
	howpublished = {https://play.google.com/store/apps/details?id=com.iris.codex},
}

@misc{MC,
	author = {olbuappdev},
	title = {Movie Collection},
	date = {02.12.15},
	howpublished = {https://play.google.com/store/apps/details?id=de.olbu.android.moviecollection.unlocker},
}
