@online{MyBooks,
	author = {Sylvain Hébuterne},
	title = {My books},
	date = {02.12.15},
	howpublished = {https://play.google.com/store/apps/details?id=com.shebuterne.maBibliotheque},
}

@misc{MBP,
	author = {Metosphere},
	title = {Meine Bücher Pro},
	date = {02.12.15},
	howpublished = {https://play.google.com/store/apps/details?id=com.metosphere.book},
}

@misc{Codex,
	author = {Emílio Simoes},
	title = {Codex},
	date = {02.12.15},
	howpublished = {https://play.google.com/store/apps/details?id=com.iris.codex},
}

@misc{MC,
	author = {olbuappdev},
	title = {Movie Collection},
	date = {02.12.15},
	howpublished = {https://play.google.com/store/apps/details?id=de.olbu.android.moviecollection.unlocker},
}

@misc{Movielicious,
author = {Netwalk},
title = {Movielicious},
date = {02.12.15},
howpublished = {https://play.google.com/store/apps/details?id=be.netwalk.movies},
}

@misc{NC,
	author = {Hentie Studios},
	title = {Nintendo Collection},
	date = {04.12.15},
	howpublished = {https://play.google.com/store/apps/details?id=com.hentie.neslistdonate},
}

@misc{VGMC,
	author = {Sort It! Apps},
	title = {Video Games Manager Collector},
	date = {04.12.15},
	howpublished = {https://play.google.com/store/apps/details?id=com.hentie.neslistdonate},
}
